<?xml version="1.0" encoding="UTF-8"?><collection xmlns="http://www.loc.gov/MARC21/slim"><record><leader>00592nam--2200193-i-4500</leader><controlfield tag="001">000049558</controlfield><controlfield tag="002">20161230</controlfield><controlfield tag="005">20161230201047</controlfield><controlfield tag="008">060222s1000------------r-----000-0-rus-d</controlfield><datafield ind1=" " ind2=" " tag="040"><subfield code="a">IFIN-HH</subfield></datafield><datafield ind1=" " ind2=" " tag="041"><subfield code="a">rus</subfield></datafield><datafield ind1=" " ind2=" " tag="080"><subfield code="a">519.2</subfield></datafield><datafield ind1="1" ind2=" " tag="100"><subfield code="a">Volodin, B.G</subfield></datafield><datafield ind1="1" ind2="0" tag="245"><subfield code="a">Sbornik zadaci po teorii veroiatnostei matematiceskoi statistike i teorii sluceainih funktii</subfield><subfield code="c">B.g. volodin, m.p. ganin, i.ia. diner, l.b. komarov, a.a. svesnikov, k.b. starobin</subfield></datafield><datafield ind1=" " ind2=" " tag="260"><subfield code="a">Moskva</subfield><subfield code="b">Nauka</subfield><subfield code="c">1965</subfield></datafield><datafield ind1=" " ind2=" " tag="300"><subfield code="a">632P</subfield></datafield><datafield ind1="1" ind2=" " tag="700"><subfield code="a">Starobin, K.B</subfield></datafield><datafield ind1=" " ind2=" " tag="852"><subfield code="a">22425</subfield><subfield code="c">519.24</subfield></datafield><datafield ind1=" " ind2=" " tag="CAT"><subfield code="a">Sys</subfield><subfield code="c">20130802</subfield><subfield code="h">144642</subfield></datafield></record></collection>